@misc{Scratch,
title = {{Scratch}},
author = "{Lifelong Kindergarten Group, MIT Media Lab}",
howpublished = {\url{https://scratch.mit.edu/}},
}

@misc{Tynker,
title = {{Tynker}},
author = "{Tynker}",
howpublished = {\url{https://www.tynker.com/}},
}

@misc{BBCITCstory,
title = {{School ICT to be replaced by computer science programme}},
author = "{Judith Burns, Education reporter, BBC News}",
howpublished = {\url{http://www.bbc.co.uk/news/education-16493929}},
}

@misc{KS3,
title = {{Computing programmes of study:
key stages 3 and 4}},
author = "{Department For Education}",
howpublished = {\url{https://www.gov.uk/government/uploads/system/uploads/attachment_data/file/239067/SECONDARY_national_curriculum_-_Computing.pdf}},
note =         {[Online; posted 13-September-2012]},
}

@misc{AndroidStudio,
title = {{Android Studio Website}},
author = "{Google}",
howpublished = {\url{http://developer.android.com/tools/studio/index.html
}},
}

http://www.ibtimes.co.uk/coding-classroom-how-has-uk-curriculum-overhaul-fared-six-months-1489714

@misc{GalaxyNote,
title = {{Galaxy Note 2014 edition website}},
author = "{Samsung}",
howpublished = {\url{http://www.samsung.com/uk/consumer/mobile-devices/tablets/others/SM-P6000ZKABTU
}},
}

@book{Swade:2001:DEC:940732,
 author = {Swade, Doron and Babbage, Charles},
 title = {Difference Engine: Charles Babbage and the Quest to Build the First Computer},
 year = {2001},
 isbn = {064153440X},
 publisher = {Viking Penguin},
} 

@article{mackintosh2008first,
  title={The first electronic computer},
  author={Mackintosh, Allan R},
  journal={Physics Today},
  volume={40},
  number={3},
  pages={25--32},
  year={2008},
  publisher={American Institute of Physics}
}


@article {Newman253
	author = {Newman, M. H. A.},
	title = {Alan Mathison Turing. 1912-1954},
	volume = {1},
	pages = {253--263},
	year = {1955},
	doi = {10.1098/rsbm.1955.0019},
	publisher = {The Royal Society},
	issn = {0080-4606},
	journal = {Biographical Memoirs of Fellows of the Royal Society}
}

@article {IIfASA
	author = {Vasko, Tibor; Dicheva, Darina},
	title = {Educational policies: an international review},
	pages = {7},
	year = {1986},
	publisher = {Austria: International Institute for Applied Systems Analysis}
}



@misc{ICTcurric,
title = {{Science to be dropped as core primary subject}},
author = "{Helen Ward, TES Newspaper}",
howpublished = {\url{https://www.tes.com/article.aspx?storycode=6012613
}},
}


@misc{ComputingCurric,
title = {{National curriculum in England: computing programmes of study}},
author = "{Department for Education}",
howpublished = {\url{https://www.gov.uk/government/publications/national-curriculum-in-england-computing-programmes-of-study/national-curriculum-in-england-computing-programmes-of-study
}},
}


@misc{TwoThirds,
title = {{Two-thirds of parents ask their teenagers for tech advice}},
author = "{Ben Furfie, t3.com}",
howpublished = {\url{http://www.t3.com/news/two-thirds-of-parents-ask-their-teenagers-for-tech-advice
}},
}

@misc{22percent,
title = {{IT jobs will grow 22\% through 2020, says U.S.}},
author = "{Patrick Thibodeau, computerworld.com}",
howpublished = {\url{http://www.computerworld.com/article/2502348/it-management/it-jobs-will-grow-22--through-2020--says-u-s-.html
}},
}

@misc{IBtimesCurric,
title = {{Coding in the classroom: How has the UK curriculum overhaul fared six months on?}},
author = "{ Anthony Cuthbertson , Sho Murakoshi}",
howpublished = {\url{http://www.ibtimes.co.uk/coding-classroom-how-has-uk-curriculum-overhaul-fared-six-months-1489714
}},
}

@misc{IBtimesGrowingGap,
title = {{'Growing Divide' Between Technology in UK Classrooms and Teachers' Abilities}},
author = "{Ian Silvera}",
howpublished = {\url{http://www.ibtimes.co.uk/growing-divide-between-technology-uk-classrooms-teachers-abilities-1464903
}},
}

